<?xml version="1.0" encoding="UTF-8"?><collection xmlns="http://www.loc.gov/MARC21/slim"><record><leader>00351nam--2200109-i-4500</leader><controlfield tag="001">000007292</controlfield><controlfield tag="002">20161230</controlfield><controlfield tag="005">20161230201027</controlfield><controlfield tag="008">060222s1000------------r-----000-0-eng-d</controlfield><datafield ind1=" " ind2=" " tag="245"><subfield code="a">An appraisal of the technical and economic aspects of dungeness b nuclear power station</subfield></datafield><datafield ind1=" " ind2=" " tag="260"><subfield code="a">London, The Central Electricity Generating Board, 1965 23 P</subfield></datafield><datafield ind1=" " ind2=" " tag="852"><subfield code="a">21959</subfield></datafield></record></collection>